% Encoding: UTF-8

@book{DSP,
	author = {Richard G. Lyons},
	title = {Understandin Digital Signal Processing, 3. ed.},
	isbn = {978-0-13-211937-5}
}

@www{MATLAB_DOC,
	author = {Matlab},
	title = {Matlab documentation},
	url = {https://se.mathworks.com/help}
}

@Comment{jabref-meta: databaseType:biblatex;}

